<record><leader>00000cas a22000007a 4500</leader><controlfield tag="001">17533702</controlfield><controlfield tag="008">880224d1886188upaudr ne      0    0eng d</controlfield><datafield ind1=" " ind2=" " tag="010"><subfield code="a">sn 88079137 </subfield></datafield><datafield ind1=" " ind2=" " tag="040"><subfield code="a">NPH</subfield><subfield code="b">eng</subfield><subfield code="c">NPH</subfield><subfield code="d">NYS</subfield><subfield code="d">OCLCQ</subfield></datafield><datafield ind1=" " ind2=" " tag="042"><subfield code="a">msc</subfield></datafield><datafield ind1="0" ind2=" " tag="130"><subfield code="a">Evening transcript (Susquehanna, Pa. : 1886)</subfield></datafield><datafield ind1="1" ind2="0" tag="245"><subfield code="a">Evening transcript.</subfield></datafield><datafield ind1=" " ind2=" " tag="260"><subfield code="a">Susquehanna, Pa. :</subfield><subfield code="b">Joseph Clark, Jr.,</subfield><subfield code="c">1886-</subfield></datafield><datafield ind1=" " ind2=" " tag="300"><subfield code="a">v. :</subfield><subfield code="b">ill. ;</subfield><subfield code="c">54 cm.</subfield></datafield><datafield ind1=" " ind2=" " tag="310"><subfield code="a">Daily</subfield></datafield><datafield ind1="0" ind2=" " tag="362"><subfield code="a">Vol. 1, no. 1 (Aug. 2, 1886)-</subfield></datafield><datafield ind1=" " ind2=" " tag="500"><subfield code="a">Editor: C.E. Whitney.</subfield></datafield><datafield ind1=" " ind2=" " tag="752"><subfield code="a">United States</subfield><subfield code="b">Pennsylvania</subfield><subfield code="c">Susquehanna</subfield><subfield code="d">Susquehanna.</subfield></datafield><datafield ind1="0" ind2=" " tag="775"><subfield code="t">Weekly transcript (Susquehanna, Pa.)</subfield><subfield code="w">(DLC)sn 88079149</subfield></datafield><datafield ind1="0" ind2="0" tag="785"><subfield code="t">Susquehanna evening transcript</subfield><subfield code="w">(DLC)sn 88079138</subfield></datafield></record>